@article{McNemarContinuity,
    author = {Dietterich, Thomas G.},
    title = "{Approximate Statistical Tests for Comparing Supervised Classification Learning Algorithms}",
    journal = {Neural Computation},
    year = {1998},
}


@inproceedings{NIPS1999_7d12b66d,
 author = {Nadeau, Claude and Bengio, Yoshua},
 booktitle = {Advances in Neural Information Processing Systems},
 publisher = {MIT Press},
 title = {Inference for the Generalization Error},
 year = {1999}
}

@article{Iman1980,
author = {Iman, Ronald and Davenport, James},
year = {1980},
month = {01},
pages = {571-595},
title = {Approximations of the critical region of the Friedman statistic},
volume = {9},
journal = {Communications in Statistics-Theory and Methods}
}

@book{10.5555/2935490,
title = {Combining Pattern Classifiers: Methods and Algorithms},
year = {2014},
isbn = {1118315235},
publisher = {Wiley Publishing},
edition = {2nd},
author = {Ludmila I. Kuncheva}
}

@article{BKS1995,
author = {Huang, Yea-Shuan and Suen, Ching},
year = {1995},
month = {01},
pages = {90-94},
title = {A Method of Combining Multiple Experts for the Recognition of Unconstrained Handwritten Numerals},
volume = {17},
journal = {IEEE Trans. Pattern Anal. Mach. Intell.},
doi = {10.1109/34.368145}
}

@book{mood1973introduction,
  title={Introduction to the Theory of Statistics},
  author={Mood, A.M. and Graybill, F.A. and Boes, D.C.},
  isbn={9780070428645},
  lccn={73000292},
  series={International Student edition},
  url={https://books.google.es/books?id=Viu2AAAAIAAJ},
  year={1973},
  publisher={McGraw-Hill}
}